
@inproceedings{TODO,
    author = {TODO},
    title = {TODO},
    year = {2020},
}

@inproceedings {caladan,
    author = {Joshua Fried and Zhenyuan Ruan and Amy Ousterhout and Adam Belay},
    title = {Caladan: Mitigating Interference at Microsecond Timescales},
    booktitle = {14th USENIX Symposium on Operating Systems Design and Implementation (OSDI 20)},
    year = {2020},
    isbn = {978-1-939133-19-9},
    pages = {281--297},
    url = {https://www.usenix.org/conference/osdi20/presentation/fried},
    publisher = {USENIX Association},
    month = nov
}

