
@misc{ kubernetes,
  title={Resource Management for Pods and Containers},
  author={Kubernetes},
  url={https://kubernetes.io/docs/concepts/configuration/manage-resources-containers/}
},

@misc{ schedviz,
  title={SchedViz: Linux Scheduling Visualization},
  author={Google},
  url={https://github.com/google/schedviz}
},

@misc{ fixing-sched-idle-lwn,
  title={Fixing SCHED\_IDLE},
  author={Viresh Kumar},
  url={https://lwn.net/Articles/805317/}
},

@misc{ cgroup-idle-patch,
  title={sched: Cgroup SCHED\_IDLE support},
  author={Josh Don LKML email},
  url={https://lore.kernel.org/all/162971078674.25758.15464079371945307825.tip-bot2@tip-bot2/}
}

